<record><leader>00000cas a22000007a 4500</leader><controlfield tag="001">13336821</controlfield><controlfield tag="008">860324d18981909mtuwr ne      0    0eng d</controlfield><datafield ind1=" " ind2=" " tag="010"><subfield code="a">sn 86075083 </subfield></datafield><datafield ind1=" " ind2=" " tag="040"><subfield code="a">MTL</subfield><subfield code="b">eng</subfield><subfield code="c">MTL</subfield><subfield code="d">OCLCQ</subfield></datafield><datafield ind1=" " ind2=" " tag="042"><subfield code="a">msc</subfield></datafield><datafield ind1="0" ind2=" " tag="130"><subfield code="a">Reveille (Butte, Mont.)</subfield></datafield><datafield ind1="1" ind2="4" tag="245"><subfield code="a">The Reveille.</subfield></datafield><datafield ind1="3" ind2="0" tag="246"><subfield code="a">People</subfield><subfield code="f">Aug. 6, 1901-Mar. 31, 1902</subfield></datafield><datafield ind1=" " ind2=" " tag="260"><subfield code="a">Butte, Mont. :</subfield><subfield code="b">R.A. Pelkey and A.W. Brouse</subfield></datafield><datafield ind1=" " ind2=" " tag="300"><subfield code="a">[6] v. :</subfield><subfield code="b">ill. ;</subfield><subfield code="c">55-60 cm.</subfield></datafield><datafield ind1=" " ind2=" " tag="310"><subfield code="a">Weekly,</subfield><subfield code="b">Feb. 27, 1903-&lt;Oct. 22, 1909&gt;</subfield></datafield><datafield ind1=" " ind2=" " tag="321"><subfield code="a">Weekly,</subfield><subfield code="b">&lt;Sept. 4, 1900&gt;-Sept. 10, 1902</subfield></datafield><datafield ind1=" " ind2=" " tag="321"><subfield code="a">Semiweekly,</subfield><subfield code="b">Sept. 13-Nov. 3, 1902</subfield></datafield><datafield ind1=" " ind2=" " tag="321"><subfield code="a">Weekly,</subfield><subfield code="b">Nov. 7, 1902-Jan. 9, 1903</subfield></datafield><datafield ind1=" " ind2=" " tag="321"><subfield code="a">Semiweekly,</subfield><subfield code="b">Jan. 16-Feb. 24, 1903</subfield></datafield><datafield ind1="1" ind2=" " tag="362"><subfield code="a">Began in 1898; ceased in 1909.</subfield><subfield code="z">Cf. Gregory, W. Amer. newspapers.</subfield></datafield><datafield ind1=" " ind2=" " tag="500"><subfield code="a">Last issue located: Vol. 6, no. 25 (Oct. 22, 1909).</subfield></datafield><datafield ind1=" " ind2=" " tag="500"><subfield code="a">Published as: The People (Aug. 6, 1901-Mar. 31, 1902).</subfield></datafield><datafield ind1=" " ind2=" " tag="500"><subfield code="a">"Published every week in the interests of organized labor and reform," 1900-1902; "a paper devoted to the interests of the masses," 1902-1903; "a newspaper opposed to Standard Oil domination in Montana," 1904-1909.</subfield></datafield><datafield ind1=" " ind2=" " tag="515"><subfield code="a">Suspended: Apr. 7-Aug. 21, 1902.</subfield></datafield><datafield ind1=" " ind2=" " tag="550"><subfield code="a">Official organ of: Western Labor Union, 1900-1902.</subfield></datafield><datafield ind1=" " ind2=" " tag="550"><subfield code="a">Officially endorsed by: Silver Bow Trades &amp; Labor Assembly, 1900-1902.</subfield></datafield><datafield ind1=" " ind2=" " tag="588"><subfield code="a">Description based on: Vol. 3, no. 36 (Sept. 4, 1900).</subfield></datafield><datafield ind1=" " ind2=" " tag="752"><subfield code="a">United States</subfield><subfield code="b">Montana</subfield><subfield code="c">Silver Bow</subfield><subfield code="d">Butte.</subfield></datafield></record>